@online{wikipedia,
author = {wikipedia}
url = {https://wikipedia.org}
}